@Article{P1,
 author = {Daugherty, P., Biltz, M. J., \& Banerjee, P.},
 title = {Accenture Technology Vision 2015. La era del negocio digital: expanda sus límites},
 journal = {},
 year = {2015},
 volume = {},
}

@Article{P2,
 author = {Gómez, A. A. R., Bautista, D. W. R. \&},
 title = {Inteligencia de negocios: Estado del arte.},
 journal = {Scientia et Technica},
 year = {2015},
 volume = {1},
}

@Article{P3,
 author = {María de los Ángeles Ibarra},
 title = {Procesamiento Analítico en Línea},
 journal = {Universidad Nacional del Nordeste},
 year = {2006},
}

@Article{P4,
 author = {Kimball, R.,  Ross, M. \&},
 title = {The data warehouse toolkit: the complete guide to dimensional modeling},
 journal = {John Wiley \& Sons},
 year = {2011},
}

@Article{P5,
 author = {Marta Fuentes Campos},
 title = {Aplicación de Inteligencia de Negocios Móvil basada en Social Intelligence. Caso Práctico: Watt's},
 journal = {UTFSM},
 year = {2015},
}

@Article{P6,
 author = {Subsecretaria de Telecomunicaciones, Gobierno de Chile},
 title = {Resultados Encuesta Nacional de Acceso y Usos de Internet},
 journal = {División de Política Regulatoria y Estudios},
 year = {2015},
}

@misc{U2,
  title = {Las aplicaciones empresariales más utilizadas.},
  howpublished = {\small{\url{http://empresayeconomia.republica.com/newsletter/las-aplicaciones-empresariales-mas-utilizadas.html}}},
  note = {Accessed: 11-06-2016}
}

@misc{U3,
  title = {Conceptos de Tecnología e Informática del Business Intelligence},
  howpublished = {\url{http://www.latino-bi.com/espanol/fundamentos-bi/introduccion-al-bi.php}},
  note = {Accessed: 12-06-2016}
}

@Article{magic,
  title={Magic Quadrant for Business Intelligence and Analytics Platforms},
  author={Oestreich, Thomas W},
  journal={Analyst (s)},
  volume={501},
  pages={G00275847},
  year={2016}
}

@book{bigdata,
  title={Understanding big data: Analytics for enterprise class hadoop and streaming data},
  author={Zikopoulos, Paul and Eaton, Chris and others},
  year={2011},
  publisher={McGraw-Hill Osborne Media}
}

@misc{phonegap,
  title = {Phonegap},
  howpublished = {\url{https://github.com/CGastrell/phonegap/wiki/Phonegap}},
  year = {2015},
  note = {Accessed: 13-09-2016}
}
